<record><leader>00000cas a2200000 a 4500</leader><controlfield tag="001">36853359</controlfield><controlfield tag="008">970505c199u9999fludr ne      0    0eng c</controlfield><datafield ind1=" " ind2=" " tag="010"><subfield code="a">sn 97027764 </subfield></datafield><datafield ind1=" " ind2=" " tag="040"><subfield code="a">FUG</subfield><subfield code="b">eng</subfield><subfield code="c">FUG</subfield><subfield code="d">OCLCQ</subfield><subfield code="d">OCLCF</subfield><subfield code="d">OCLCO</subfield></datafield><datafield ind1="1" ind2=" " tag="029"><subfield code="a">AU@</subfield><subfield code="b">000013250332</subfield></datafield><datafield ind1=" " ind2=" " tag="032"><subfield code="a">005839</subfield><subfield code="b">USPS</subfield></datafield><datafield ind1=" " ind2=" " tag="037"><subfield code="b">13644 South Tamiami Tr., Nort Port, FL 34287</subfield></datafield><datafield ind1=" " ind2=" " tag="042"><subfield code="a">pcc</subfield></datafield><datafield ind1=" " ind2=" " tag="043"><subfield code="a">n-us-fl</subfield></datafield><datafield ind1="0" ind2="0" tag="245"><subfield code="a">North Port sun herald.</subfield></datafield><datafield ind1="1" ind2="7" tag="246"><subfield code="a">Sun herald</subfield></datafield><datafield ind1=" " ind2=" " tag="260"><subfield code="a">Charlotte Harbor, FL :</subfield><subfield code="b">Sun Coast Media Group</subfield></datafield><datafield ind1=" " ind2=" " tag="300"><subfield code="a">v. :</subfield><subfield code="b">ill. (some col.) ;</subfield><subfield code="c">56 cm.</subfield></datafield><datafield ind1=" " ind2=" " tag="310"><subfield code="a">Daily</subfield></datafield><datafield ind1=" " ind2=" " tag="500"><subfield code="a">"An edition of The Sun Herald."</subfield></datafield><datafield ind1=" " ind2=" " tag="588"><subfield code="a">Description based on: Vol. 105, no. 112 (Apr. 23, 1997).</subfield></datafield><datafield ind1=" " ind2=" " tag="588"><subfield code="a">Latest issue consulted: Vol. 105, no. 118 (Apr. 30, 1997).</subfield></datafield><datafield ind1=" " ind2="0" tag="651"><subfield code="a">Charlotte Harbor (Fla.)</subfield><subfield code="v">Newspapers.</subfield></datafield><datafield ind1=" " ind2="0" tag="651"><subfield code="a">Charlotte County (Fla.)</subfield><subfield code="v">Newspapers.</subfield></datafield><datafield ind1=" " ind2="0" tag="651"><subfield code="a">North Port (Fla.)</subfield><subfield code="v">Newspapers.</subfield></datafield><datafield ind1=" " ind2="0" tag="651"><subfield code="a">Sarasota County (Fla.)</subfield><subfield code="v">Newspapers.</subfield></datafield><datafield ind1=" " ind2="7" tag="655"><subfield code="a">Newspapers.</subfield><subfield code="2">fast</subfield><subfield code="0">(OCoLC)fst01423814</subfield></datafield><datafield ind1=" " ind2="7" tag="651"><subfield code="a">Florida</subfield><subfield code="z">Charlotte County.</subfield><subfield code="2">fast</subfield><subfield code="0">(OCoLC)fst01217561</subfield></datafield><datafield ind1=" " ind2="7" tag="651"><subfield code="a">Florida</subfield><subfield code="z">Charlotte Harbor.</subfield><subfield code="2">fast</subfield><subfield code="0">(OCoLC)fst01236174</subfield></datafield><datafield ind1=" " ind2="7" tag="651"><subfield code="a">Florida</subfield><subfield code="z">North Port.</subfield><subfield code="2">fast</subfield><subfield code="0">(OCoLC)fst01224739</subfield></datafield><datafield ind1=" " ind2="7" tag="651"><subfield code="a">Florida</subfield><subfield code="z">Sarasota County.</subfield><subfield code="2">fast</subfield><subfield code="0">(OCoLC)fst01214943</subfield></datafield><datafield ind1=" " ind2=" " tag="752"><subfield code="a">United States</subfield><subfield code="b">Florida</subfield><subfield code="c">Charlotte</subfield><subfield code="d">Charlotte Harbor.</subfield></datafield><datafield ind1=" " ind2=" " tag="752"><subfield code="a">United States</subfield><subfield code="b">Florida</subfield><subfield code="c">Sarasota</subfield><subfield code="d">North Port.</subfield></datafield><datafield ind1="0" ind2=" " tag="775"><subfield code="t">Charlotte sun herald (Charlotte Harbor, Fla. : 1995)</subfield><subfield code="w">(DLC)sn 97027762</subfield><subfield code="w">(OCoLC)36852667</subfield></datafield><datafield ind1="4" ind2=" " tag="856"><subfield code="z">Related internet site:</subfield><subfield code="u">http://www.charlotte-florida.com/NewsAndFeatures/Newsnp.htm</subfield></datafield></record>